% String file for long bibliography format
% Last updated by Samantha Bail, 17 June 2012

%%%%%    PROCEEDINGS    %%%%%

@string{Germany = "Germany"}

%%%%%    ARTIFICIAL INTELLIGENCE

@string{LPAR-99 = "Proceedings of the 6th International Conference on Logic for Programming and Automated Reasoning (LPAR-99)"}
@string{LPAR-00 = "Proceedings of the 7th International Conference on Logic for Programming and Automated Reasoning (LPAR-00)"}
@string{LPAR-01 = "Proceedings of the 8th International Conference on Logic for Programming and Automated Reasoning (LPAR-01)"}
@string{LPAR-02 = "Proceedings of the 9th International Conference on Logic for Programming and Automated Reasoning (LPAR-02)"}
@string{LPAR-03 = "Proceedings of the 10th International Conference on Logic for Programming and Automated Reasoning (LPAR-03)"}
@string{LPAR-04 = "Proceedings of the 11th International Conference on Logic for Programming and Automated Reasoning (LPAR-04)"}
@string{LPAR-05 = "Proceedings of the 12th International Conference on Logic for Programming and Automated Reasoning (LPAR-05)"}
@string{LPAR-06 = "Proceedings of the 13th International Conference on Logic for Programming and Automated Reasoning (LPAR-06)"}
@string{LPAR-07 = "Proceedings of the 14th International Conference on Logic for Programming and Automated Reasoning (LPAR-07)"}
@string{LPAR-08 = "Proceedings of the 15th International Conference on Logic for Programming and Automated Reasoning (LPAR-08)"}
@string{LPAR-09 = "Proceedings of the 16th International Conference on Logic for Programming and Automated Reasoning (LPAR-09)"}
@string{LPAR-10 = "Proceedings of the 17th International Conference on Logic for Programming and Automated Reasoning (LPAR-10)"}
@string{LPAR-11 = "Proceedings of the 18th International Conference on Logic for Programming and Automated Reasoning (LPAR-11)"}
@string{LPAR-12 = "Proceedings of the 19th International Conference on Logic for Programming and Automated Reasoning (LPAR-12)"}

@string{DL-94 = "Proceedings of the 7th International Workshop on Description Logics (DL-94)"}
@string{DL-95 = "Proceedings of the 8th International Workshop on Description Logics (DL-95)"}
@string{DL-96 = "Proceedings of the 9th International Workshop on Description Logics (DL-96)"}
@string{DL-97 = "Proceedings of the 10th International Workshop on Description Logics (DL-97)"}
@string{DL-98 = "Proceedings of the 11th International Workshop on Description Logics (DL-98)"}
@string{DL-99 = "Proceedings of the 12th International Workshop on Description Logics (DL-99)"}
@string{DL-00 = "Proceedings of the 13th International Workshop on Description Logics (DL-00)"}
@string{DL-01 = "Proceedings of the 14th International Workshop on Description Logics (DL-01)"}
@string{DL-02 = "Proceedings of the 15th International Workshop on Description Logics (DL-02)"}
@string{DL-03 = "Proceedings of the 16th International Workshop on Description Logics (DL-03)"}
@string{DL-04 = "Proceedings of the 17th International Workshop on Description Logics (DL-04)"}
@string{DL-05 = "Proceedings of the 18th International Workshop on Description Logics (DL-05)"}
@string{DL-06 = "Proceedings of the 19th International Workshop on Description Logics (DL-06)"}
@string{DL-07 = "Proceedings of the 20th International Workshop on Description Logics (DL-07)"}
@string{DL-08 = "Proceedings of the 21st International Workshop on Description Logics (DL-08)"}
@string{DL-09 = "Proceedings of the 22nd International Workshop on Description Logics (DL-09)"}
@string{DL-10 = "Proceedings of the 23rd International Workshop on Description Logics (DL-10)"}
@string{DL-11 = "Proceedings of the 24th International Workshop on Description Logics (DL-11)"}
@string{DL-12 = "Proceedings of the 25th International Workshop on Description Logics (DL-12)"}

@string{AAAI-80 = "Proceedings of the 1st National Conference on Artificial Intelligence (AAAI-80)"}
@string{AAAI-82 = "Proceedings of the 2nd National Conference on Artificial Intelligence (AAAI-82)"}
@string{AAAI-83 = "Proceedings of the 3rd National Conference on Artificial Intelligence (AAAI-83)"}
@string{AAAI-84 = "Proceedings of the 4th National Conference on Artificial Intelligence (AAAI-84)"}
@string{AAAI-86 = "Proceedings of the 5th National Conference on Artificial Intelligence (AAAI-86)"}
@string{AAAI-87 = "Proceedings of the 6th National Conference on Artificial Intelligence (AAAI-87)"}
@string{AAAI-88 = "Proceedings of the 7th National Conference on Artificial Intelligence (AAAI-88)"}
@string{AAAI-90 = "Proceedings of the 8th National Conference on Artificial Intelligence (AAAI-90)"}
@string{AAAI-91 = "Proceedings of the 9th National Conference on Artificial Intelligence (AAAI-91)"}
@string{AAAI-92 = "Proceedings of the 10th National Conference on Artificial Intelligence (AAAI-92)"}
@string{AAAI-93 = "Proceedings of the 11th National Conference on Artificial Intelligence (AAAI-93)"}
@string{AAAI-94 = "Proceedings of the 12th National Conference on Artificial Intelligence (AAAI-94)"}
@string{AAAI-96 = "Proceedings of the 13th National Conference on Artificial Intelligence (AAAI-96)"}
@string{AAAI-97 = "Proceedings of the 14th National Conference on Artificial Intelligence (AAAI-97)"}
@string{AAAI-98 = "Proceedings of the 15th National Conference on Artificial Intelligence (AAAI-98)"}
@string{AAAI-99 = "Proceedings of the 16th National Conference on Artificial Intelligence (AAAI-99)"}
@string{AAAI-00 = "Proceedings of the 17th National Conference on Artificial Intelligence (AAAI-00)"}
@string{AAAI-02 = "Proceedings of the 18th National Conference on Artificial Intelligence (AAAI-02)"}
@string{AAAI-04 = "Proceedings of the 19th National Conference on Artificial Intelligence (AAAI-04)"}
@string{AAAI-05 = "Proceedings of the 20th National Conference on Artificial Intelligence (AAAI-05)"}
@string{AAAI-06 = "Proceedings of the 21st National Conference on Artificial Intelligence (AAAI-06)"}
@string{AAAI-07 = "Proceedings of the 22nd AAAI Conference on Artificial Intelligence (AAAI-07)"}
@string{AAAI-08 = "Proceedings of the 23rd AAAI Conference on Artificial Intelligence (AAAI-08)"}
@string{AAAI-10 = "Proceedings of the 24th AAAI Conference on Artificial Intelligence (AAAI-10)"}
@string{AAAI-11 = "Proceedings of the 25th AAAI Conference on Artificial Intelligence (AAAI-11)"}
@string{AAAI-12 = "Proceedings of the 26th AAAI Conference on Artificial Intelligence (AAAI-12)"}

@string{IJCAI-81 = "Proceedings of the 7th International Joint Conference on Artificial Intelligence (IJCAI-81)"}
@string{IJCAI-85 = "Proceedings of the 9th International Joint Conference on Artificial Intelligence (IJCAI-85)"}
@string{IJCAI-87 = "Proceedings of the 10th International Joint Conference on Artificial Intelligence (IJCAI-87)"}
@string{IJCAI-89 = "Proceedings of the 11th International Joint Conference on Artificial Intelligence (IJCAI-89)"}
@string{IJCAI-91 = "Proceedings of the 12th International Joint Conference on Artificial Intelligence (IJCAI-91)"}
@string{IJCAI-93 = "Proceedings of the 13th International Joint Conference on Artificial Intelligence (IJCAI-93)"}
@string{IJCAI-95 = "Proceedings of the 14th International Joint Conference on Artificial Intelligence (IJCAI-95)"}
@string{IJCAI-97 = "Proceedings of the 15th International Joint Conference on Artificial Intelligence (IJCAI-97)"}
@string{IJCAI-99 = "Proceedings of the 16th International Joint Conference on Artificial Intelligence (IJCAI-99)"}
@string{IJCAI-01 = "Proceedings of the 17th International Joint Conference on Artificial Intelligence (IJCAI-01)"}
@string{IJCAI-03 = "Proceedings of the 18th International Joint Conference on Artificial Intelligence (IJCAI-03)"}
@string{IJCAI-05 = "Proceedings of the 19th International Joint Conference on Artificial Intelligence (IJCAI-05)"}
@string{IJCAI-07 = "Proceedings of the 20th International Joint Conference on Artificial Intelligence (IJCAI-07)"}
@string{IJCAI-09 = "Proceedings of the 21st International Joint Conference on Artificial Intelligence (IJCAI-09)"}
@string{IJCAI-11 = "Proceedings of the 22nd International Joint Conference on Artificial Intelligence (IJCAI-11)"}
@string{IJCAI-13 = "Proceedings of the 23rd International Joint Conference on Artificial Intelligence (IJCAI-13)"}

@string{IJCAR-01 = "Proceedings of the 1st International Joint Conference on Automated Reasoning (IJCAR-01)"}
@string{IJCAR-04 = "Proceedings of the 2nd International Joint Conference on Automated Reasoning (IJCAR-04)"}
@string{IJCAR-06 = "Proceedings of the 3rd International Joint Conference on Automated Reasoning (IJCAR-06)"}
@string{IJCAR-08 = "Proceedings of the 4th International Joint Conference on Automated Reasoning (IJCAR-08)"}
@string{IJCAR-10 = "Proceedings of the 5th International Joint Conference on Automated Reasoning (IJCAR-10)"}
@string{IJCAR-12 = "Proceedings of the 6th International Joint Conference on Automated Reasoning (IJCAR-12)"}

@string{KI-96 = "Proceedings of the 20th Annual German Conference on Artificial Intelligence (KI-96)"}
@string{KI-97 = "Proceedings of the 21st Annual German Conference on Artificial Intelligence (KI-97)"}
@string{KI-98 = "Proceedings of the 22nd Annual German Conference on Artificial Intelligence (KI-98)"}
@string{KI-99 = "Proceedings of the 23rd Annual German Conference on Artificial Intelligence (KI-99)"}
@string{KI-00 = "Proceedings of the 24th Annual German Conference on Artificial Intelligence (KI-00)"}
@string{KI-01 = "Proceedings of the 25th Annual German Conference on Artificial Intelligence (KI-01)"}
@string{KI-02 = "Proceedings of the 26th Annual German Conference on Artificial Intelligence (KI-02)"}
@string{KI-03 = "Proceedings of the 26th Annual German Conference on Artificial Intelligence (KI-03)"}
@string{KI-04 = "Proceedings of the 27th Annual German Conference on Artificial Intelligence (KI-04)"}
@string{KI-05 = "Proceedings of the 28th Annual German Conference on Artificial Intelligence (KI-05)"}
@string{KI-06 = "Proceedings of the 29th Annual German Conference on Artificial Intelligence (KI-06)"}
@string{KI-07 = "Proceedings of the 30th Annual German Conference on Artificial Intelligence (KI-07)"}
@string{KI-08 = "Proceedings of the 31st Annual German Conference on Artificial Intelligence (KI-08)"}
@string{KI-09 = "Proceedings of the 32nd Annual German Conference on Artificial Intelligence (KI-09)"}
@string{KI-10 = "Proceedings of the 33rd Annual German Conference on Artificial Intelligence (KI-10)"}
@string{KI-11 = "Proceedings of the 34th Annual German Conference on Artificial Intelligence (KI-11)"}
@string{KI-12 = "Proceedings of the 35th Annual German Conference on Artificial Intelligence (KI-12)"}

@string{KR-89 = "Proceedings of the 1st International Conference on the
                 Principles of Knowledge Representation and Reasoning (KR-89)"}
@string{KR-91 = "Proceedings of the 2nd International Conference on the
                 Principles of Knowledge Representation and Reasoning (KR-91)"}
@string{KR-92 = "Proceedings of the 3rd International Conference on the
                 Principles of Knowledge Representation and Reasoning (KR-92)"}
@string{KR-94 = "Proceedings of the 4th International Conference on the
                 Principles of Knowledge Representation and Reasoning (KR-94)"}
@string{KR-96 = "Proceedings of the 5th International Conference on the
                 Principles of Knowledge Representation and Reasoning (KR-96)"}
@string{KR-98 = "Proceedings of the 6th International Conference on the
                 Principles of Knowledge Representation and Reasoning (KR-98)"}
@string{KR-00 = "Proceedings of the 7th International Conference on the
                 Principles of Knowledge Representation and Reasoning (KR-00)"}
@string{KR-02 = "Proceedings of the 8th International Conference on the
                 Principles of Knowledge Representation and Reasoning (KR-02)"}
@string{KR-04 = "Proceedings of the 9th International Conference on the
                 Principles of Knowledge Representation and Reasoning (KR-04)"}
@string{KR-06 = "Proceedings of the 10th International Conference on the Principles of Knowledge Representation and Reasoning (KR-06)"}
@string{KR-08 = "Proceedings of the 11th International Conference on the
                 Principles of Knowledge Representation and Reasoning (KR-08)"}
@string{KR-10 = "Proceedings of the 12th International Conference on the
                 Principles of Knowledge Representation and Reasoning (KR-10)"}
@string{KR-12 = "Proceedings of the 13th International Conference on the
                 Principles of Knowledge Representation and Reasoning (KR-12)"}

@string{KRDB-96 = "Working Notes of the ECAI-96 Workshop on Knowledge Representation Meets Databases (KRDB-96)"}
@string{KRDB-00 = "Working Notes of the ECAI2000 Workshop on Knowledge Representation Meets Databases (KRDB-00)"}

@string{ECAI-90 = "Proceedings of the 9th European Conference on Artificial Intelligence (ECAI-90)"}
@string{ECAI-92 = "Proceedings of the 10th European Conference on Artificial Intelligence (ECAI-92)"}
@string{ECAI-94 = "Proceedings of the 11th European Conference on Artificial Intelligence (ECAI-94)"}
@string{ECAI-96 = "Proceedings of the 12th European Conference on Artificial Intelligence (ECAI-96)"}
@string{ECAI-98 = "Proceedings of the 13th European Conference on Artificial Intelligence (ECAI-98)"}
@string{ECAI-00 = "Proceedings of the 14th European Conference on Artificial Intelligence (ECAI-00)"}
@string{ECAI-02 = "Proceedings of the 15th European Conference on Artificial Intelligence (ECAI-02)"}
@string{ECAI-04 = "Proceedings of the 16th European Conference on Artificial Intelligence (ECAI-04)"}
@string{ECAI-06 = "Proceedings of the 17th European Conference on Artificial Intelligence (ECAI-06)"}
@string{ECAI-08 = "Proceedings of the 18th European Conference on Artificial Intelligence (ECAI-08)"}
@string{ECAI-10 = "Proceedings of the 19th European Conference on Artificial Intelligence (ECAI-10)"}
@string{ECAI-12 = "Proceedings of the 20th European Conference on Artificial Intelligence (ECAI-12)"}

@string{TARK-86 = "Proceedings of the 1st Conference on Theoretical Aspects of Reasoning about Knowledge (TARK-86)"}
@string{TARK-88 = "Proceedings of the 2nd Conference on Theoretical Aspects of Reasoning about Knowledge (TARK-88)"}
@string{TARK-90 = "Proceedings of the 3rd Conference on Theoretical Aspects of Reasoning about Knowledge (TARK-90)"}
@string{TARK-92 = "Proceedings of the 4th Conference on Theoretical Aspects of Reasoning about Knowledge (TARK-92)"}
@string{TARK-94 = "Proceedings of the 5th Conference on Theoretical Aspects of Reasoning about Knowledge (TARK-94)"}

@string{FGCS-88 = "Proceedings of the International Conference on Fifth Generation Computer Systems (FGCS-88)"} 
@string{FGCS-92 = "Proceedings of the International Conference on Fifth Generation Computer Systems (FGCS-92)"}

@string{ISMIS-88 = "Proceedings of the 3rd International Symposium on Methodologies for Intelligent Systems (ISMIS-88)"} 
@string{ISMIS-90 = "Proceedings of the 5th International Symposium on Methodologies for Intelligent Systems (ISMIS-90)"}
@string{ISMIS-93 = "Proceedings of the 7th International Symposium on Methodologies for Intelligent Systems (ISMIS-93)"}

@string{AI*IA-89 = "Proceedings of the 1st Conference of the Italian Association for Artificial Intelligence (AI*IA-89)"}
@string{AI*IA-91 = "Proceedings of the 2nd Conference of the Italian Association for Artificial Intelligence (AI*IA-91)"}
@string{AI*IA-93 = "Proceedings of the 3rd Conference of the Italian Association for Artificial Intelligence (AI*IA-93)"}
@string{AI*IA-95 = "Proceedings of the 4th Conference of the Italian Association for Artificial Intelligence (AI*IA-95)"}
@string{AI*IA-97 = "Proceedings of the 5th Conference of the Italian Association for Artificial Intelligence (AI*IA-97)"}
@string{AI*IA-99 = "Proceedings of the 6th Conference of the Italian Association for Artificial Intelligence (AI*IA-99)"}
@string{AI*IA-01 = "Proceedings of the 7th Conference of the Italian Association for Artificial Intelligence (AI*IA-01)"}
@string{AI*IA-03 = "Proceedings of the 8th Conference of the Italian Association for Artificial Intelligence (AI*IA-03)"}
@string{AI*IA-05 = "Proceedings of the 9th Conference of the Italian Association for Artificial Intelligence (AI*IA-05)"}
@string{AI*IA-07 = "Proceedings of the 10th Conference of the Italian Association for Artificial Intelligence (AI*IA-07)"}
@string{AI*IA-09 = "Proceedings of the 11th Conference of the Italian Association for Artificial Intelligence (AI*IA-09)"}
@string{AI*IA-11 = "Proceedings of the 12th Conference of the Italian Association for Artificial Intelligence (AI*IA-11)"}

@string{CIKM-92 = "Proceedings of the 1st ACM International Conference on Information and Knowledge Management (CIKM-92)"}
@string{CIKM-93 = "Proceedings of the 2nd ACM International Conference on Information and Knowledge Management (CIKM-93)"}
@string{CIKM-94 = "Proceedings of the 3rd ACM International Conference on Information and Knowledge Management (CIKM-94)"}
@string{CIKM-95 = "Proceedings of the 4th ACM International Conference on Information and Knowledge Management (CIKM-95)"}
@string{CIKM-96 = "Proceedings of the 5th ACM International Conference on Information and Knowledge Management (CIKM-96)"}
@string{CIKM-97 = "Proceedings of the 6th ACM International Conference on Information and Knowledge Management (CIKM-97)"}
@string{CIKM-98 = "Proceedings of the 7th ACM International Conference on Information and Knowledge Management (CIKM-98)"}
@string{CIKM-99 = "Proceedings of the 8th ACM International Conference on Information and Knowledge Management (CIKM-99)"}
@string{CIKM-00 = "Proceedings of the 9th ACM International Conference on Information and Knowledge Management (CIKM-00)"}
@string{CIKM-01 = "Proceedings of the 10th ACM International Conference on Information and Knowledge Management (CIKM-01)"}
@string{CIKM-02 = "Proceedings of the 11th ACM International Conference on Information and Knowledge Management (CIKM-02)"}
@string{CIKM-03 = "Proceedings of the 12th ACM International Conference on Information and Knowledge Management (CIKM-03)"}
@string{CIKM-04 = "Proceedings of the 13th ACM International Conference on Information and Knowledge Management (CIKM-04)"}
@string{CIKM-05 = "Proceedings of the 14th ACM International Conference on Information and Knowledge Management (CIKM-05)"}
@string{CIKM-06 = "Proceedings of the 15th ACM International Conference on Information and Knowledge Management (CIKM-06)"}
@string{CIKM-07 = "Proceedings of the 16th ACM International Conference on Information and Knowledge Management (CIKM-07)"}
@string{CIKM-08 = "Proceedings of the 17th ACM International Conference on Information and Knowledge Management (CIKM-08)"}
@string{CIKM-09 = "Proceedings of the 18th ACM International Conference on Information and Knowledge Management (CIKM-09)"}
@string{CIKM-10 = "Proceedings of the 19th ACM International Conference on Information and Knowledge Management (CIKM-10)"}
@string{CIKM-11 = "Proceedings of the 20th ACM International Conference on Information and Knowledge Management (CIKM-11)"}
@string{CIKM-12 = "Proceedings of the 21st ACM International Conference on Information and Knowledge Management (CIKM-12)"}

@string{PRICAI-90 = "Proceedings of the Pacific Rim Conference on Artificial Intelligence (PRICAI-90)"}

@string{K-CAP-03 = "Proceedings of the 2nd International Conference on Knowledge Capture (K-CAP-03)"}
@string{K-CAP-05 = "Proceedings of the 3rd International Conference on Knowledge Capture (K-CAP-05)"}
@string{K-CAP-09 = "Proceedings of the 5th International Conference on Knowledge Capture (K-CAP-09)"}

@string{WoMO-06 = "Proceedings of the 1st International Workshop on Modular Ontologies (WoMO-06)"}
@string{WoMO-07 = "Proceedings of the 2nd International Workshop on Modular Ontologies (WoMO-07)"}
@string{WoMO-08 = "Proceedings of the 3rd International Workshop on Modular Ontologies (WoMO-08)"}
@string{WoMO-10 = "Proceedings of the 4th International Workshop on Modular Ontologies (WoMO-10)"}
@string{WoMO-11 = "Proceedings of the 5th International Workshop on Modular Ontologies (WoMO-11)"}
@string{WoMO-12 = "Proceedings of the 6th International Workshop on Modular Ontologies (WoMO-12)"}

@string{FOIS-98 = "Proceedings of the 1st International Conference on Formal Ontology in Information Systems (FOIS-98)"}
@string{FOIS-01 = "Proceedings of the 2nd International Conference on Formal Ontology in Information Systems (FOIS-01)"}
@string{FOIS-04 = "Proceedings of the 3rd International Conference on Formal Ontology in Information Systems (FOIS-04)"}
@string{FOIS-06 = "Proceedings of the 4th International Conference on Formal Ontology in Information Systems (FOIS-06)"}
@string{FOIS-08 = "Proceedings of the 5th International Conference on Formal Ontology in Information Systems (FOIS-08)"}
@string{FOIS-10 = "Proceedings of the 6th International Conference on Formal Ontology in Information Systems (FOIS-10)"}
@string{FOIS-12 = "Proceedings of the 7th International Conference on Formal Ontology in Information Systems (FOIS-12)"}

@string{WONTO-08 = "Proceedings of the 3rd Workshop on Ontologies and their Applications (WONTO-08)"}

@string{KRMED-08 = "Proceedings of the International Conference on Representing and Sharing Knowledge Using SNOMED (KR-MED-08)"}

@string{AINA-04 = "Proceedings of the 18th International Conference on Advanced Information Networking and Applications (AINA-04)"}


%%%%%    ARTIFICIAL INTELLIGENCE IN EDUCATION

@string{PEG-93 = "Proceedings of the 7th International PEG Conference (PEG93)"}

@string{AIED-93 = "Proceedings of the World Conference on Artificial Intelligence in Education (AI-ED 93)"}


%%%%%    AUTOMATED DEDUCTION

@string{CADE-74 = "Proceedings of the 1st Conference on Automated Deduction (CADE-74)"}
@string{CADE-76 = "Proceedings of the 2nd Conference on Automated Deduction (CADE-76)"}
@string{CADE-77 = "Proceedings of the 3rd Conference on Automated Deduction (CADE-77)"}
@string{CADE-79 = "Proceedings of the 4th Conference on Automated Deduction (CADE-79)"}
@string{CADE-80 = "Proceedings of the 5th Conference on Automated Deduction (CADE-80)"}
@string{CADE-82 = "Proceedings of the 6th Conference on Automated Deduction (CADE-82)"}
@string{CADE-84 = "Proceedings of the 7th Conference on Automated Deduction (CADE-84)"}
@string{CADE-86 = "Proceedings of the 8th Conference on Automated Deduction (CADE-86)"}
@string{CADE-88 = "Proceedings of the 9th Conference on Automated Deduction (CADE-88)"}
@string{CADE-90 = "Proceedings of the 10th Conference on Automated Deduction (CADE-90)"}
@string{CADE-94 = "Proceedings of the 11th Conference on Automated Deduction (CADE-94)"}
@string{CADE-96 = "Proceedings of the 13th Conference on Automated Deduction (CADE-96)"}
@string{CADE-97 = "Proceedings of the 14th Conference on Automated Deduction (CADE-97)"}
@string{CADE-98 = "Proceedings of the 15th Conference on Automated Deduction (CADE-98)"}
@string{CADE-99 = "Proceedings of the 16th Conference on Automated Deduction (CADE-16)"}
@string{CADE-00 = "Proceedings of the 17th Conference on Automated Deduction (CADE-17)"}
@string{CADE-02 = "Proceedings of the 18th Conference on Automated Deduction (CADE-18)"}
@string{CADE-03 = "Proceedings of the 19th Conference on Automated Deduction (CADE-19)"}
@string{CADE-05 = "Proceedings of the 20th Conference on Automated Deduction (CADE-20)"}
@string{CADE-07 = "Proceedings of the 21st Conference on Automated Deduction (CADE-21)"}
@string{CADE-09 = "Proceedings of the 22nd Conference on Automated Deduction (CADE-22)"}
@string{CADE-11 = "Proceedings of the 23rd Conference on Automated Deduction (CADE-23)"}

@string{LICS-97 = "Proceedings of the 12th Annual IEEE Symposium on Logic in Computer Science (LICS-97)"}
@string{LICS-98 = "Proceedings of the 13th Annual IEEE Symposium on Logic in Computer Science (LICS-98)"}
@string{LICS-99 = "Proceedings of the 14th Annual IEEE Symposium on Logic in Computer Science (LICS-99)"}
@string{LICS-00 = "Proceedings of the 15th Annual IEEE Symposium on Logic in Computer Science (LICS-00)"}
@string{LICS-01 = "Proceedings of the 16th Annual IEEE Symposium on Logic in Computer Science (LICS-01)"}
@string{LICS-02 = "Proceedings of the 17th Annual IEEE Symposium on Logic in Computer Science (LICS-02)"}
@string{LICS-03 = "Proceedings of the 18th Annual IEEE Symposium on Logic in Computer Science (LICS-03)"}
@string{LICS-04 = "Proceedings of the 19th Annual IEEE Symposium on Logic in Computer Science (LICS-04)"}
@string{LICS-05 = "Proceedings of the 20th Annual IEEE Symposium on Logic in Computer Science (LICS-05)"}
@string{LICS-06 = "Proceedings of the 21st Annual IEEE Symposium on Logic in Computer Science (LICS-06)"}
@string{LICS-07 = "Proceedings of the 22nd Annual IEEE Symposium on Logic in Computer Science (LICS-07)"}
@string{LICS-08 = "Proceedings of the 23rd Annual IEEE Symposium on Logic in Computer Science (LICS-08)"}
@string{LICS-09 = "Proceedings of the 24th Annual IEEE Symposium on Logic in Computer Science (LICS-09)"}
@string{LICS-10 = "Proceedings of the 25th Annual IEEE Symposium on Logic in Computer Science (LICS-10)"}
@string{LICS-11 = "Proceedings of the 26th Annual IEEE Symposium on Logic in Computer Science (LICS-11)"}


@string{TABL-94 = "Proceedings of the International Conference on Automated Reasoning with Analytic Tableaux 
                  and Related Methods ({TABLEAUX}-94)"}
@string{TABL-98 = "Proceedings of the International Conference on Automated Reasoning with Analytic Tableaux 
                  and Related Methods ({TABLEAUX}-98)"}
@string{TABL-99 = "Proceedings of the International Conference on Automated Reasoning with Analytic Tableaux 
                  and Related Methods ({TABLEAUX}-99)"}
@string{TABL-00 = "Proceedings of the International Conference on Automated Reasoning with Analytic Tableaux 
                  and Related Methods ({TABLEAUX}-00)"}
@string{TABL-02 = "Proceedings of the International Conference on Automated Reasoning with Analytic Tableaux 
                  and Related Methods ({TABLEAUX}-02)"}
@string{TABL-03 = "Proceedings of the International Conference on Automated Reasoning with Analytic Tableaux 
                  and Related Methods ({TABLEAUX}-02)"}
@string{TABL-05 = "Proceedings of the 14th International Conference on Automated Reasoning with Analytic Tableaux 
                  and Related Methods ({TABLEAUX}-05)"}
@string{TABL-09 = "Proceedings of the 18th International Conference on Automated Reasoning with Analytic Tableaux 
                  and Related Methods ({TABLEAUX}-09)"}
@string{TABL-11 = "Proceedings of the 20th International Conference on Automated Reasoning with Analytic Tableaux 
                  and Related Methods ({TABLEAUX}-11)"}

@string{ICALP-82 = "Proceedings of the 9th International Colloquium on Automata, Languages, and Programming"}
@string{ICALP-98 = "Proceedings of the 25th International Colloquium on Automata, Languages, and Programming"}
@string{ICALP-02 = "Proceedings of the 29th International Colloquium on Automata, Languages, and Programming"}

@string{CAV-94 = "Proceedings of the 6th International Conference on Computer Aided Verification"}

@string{RR-08 = "Proceedings of the 2nd International Conference on Web Reasoning and Rule Systems (RR-08)"}

@string{AREA-08 = "Proceedings of the International Workshop on Advancing Reasoning on the Web: Scalability and Commonsense (ARea-08)"}

@string{ARCOE-10 = "Proceedings of the Workshop on Automated Reasoning about Context and Ontology Evolution (ARCOE-10)"}
@string{ARCOE-11 = "Proceedings of the Workshop on Automated Reasoning about Context and Ontology Evolution (ARCOE-11)"}
@string{ARCOE-12 = "Proceedings of the Workshop on Automated Reasoning about Context and Ontology Evolution (ARCOE-12)"}


%%%%%    LOGIC PROGRAMMING

@string{WLP-85 = "Proceedings of the 4th Workshop on Logic of Programs"}

@string{ICLP-89 = "Proceedings of the 6th International Conference on Logic Programming (ICLP-89)"}
@string{ICLP-90 = "Proceedings of the 7th International Conference on Logic Programming (ICLP-90)"}
@string{ICLP-91 = "Proceedings of the 8th International Conference on Logic Programming (ICLP-91)"}
@string{IJCSLP-92 = "Proceedings of the International Joint Conference and Symposium on Logic Programming (IJCSLP-92)"}
@string{ICLP-93 = "Proceedings of the 9th International Conference on Logic Programming (ICLP-93)"}
@string{ICLP-94 = "Proceedings of the 10th International Conference on Logic Programming (ICLP-94)"}

@string{LPNMR-93 = "Proceedings of the 2nd International Workshop on Logic Programming and Non-monotonic Reasoning (LPNMR-93)"} 

@string{PLILP-94 = "Proceedings of the 6th International Symposium on Programming Language Implementation and 
                    Logic Programming (PLILP-94)"}


%%%%%    THEORY

@string{FOCS-79 = "Proceedings of the 20th Annual Symposium on the Foundations of Computer Science (FOCS-79)"}
@string{FOCS-89 = "Proceedings of the 30th Annual Symposium on the Foundations of Computer Science (FOCS-89)"}
@string{FOCS-91 = "Proceedings of the 32nd Annual Symposium on the Foundations of Computer Science (FOCS-91)"}

@string{STOC-71 = "Proceedings of the 3rd ACM Symposium on Theory of Computing (STOC-71)"} 
@string{STOC-73 = "Proceedings of the 5th ACM Symposium on Theory of Computing (STOC-73)"} 
@string{STOC-77 = "Proceedings of the 9th ACM Symposium on Theory of Computing (STOC-77)"} 
@string{STOC-78 = "Proceedings of the 10th ACM Symposium on Theory of Computing (STOC-78)"} 
@string{STOC-80 = "Proceedings of the 12th ACM Symposium on Theory of Computing (STOC-80)"}
@string{STOC-81 = "Proceedings of the 13th ACM SIGACT Symposium on Theory of Computing (STOC-81)"}  
@string{STOC-82 = "Proceedings of the 14th ACM SIGACT Symposium on Theory of Computing (STOC-82)"}
@string{STOC-83 = "Proceedings of the 15th ACM SIGACT Symposium on Theory of Computing (STOC-83)"}
@string{STOC-84 = "Proceedings of the 16th ACM SIGACT Symposium on Theory of Computing (STOC-84)"}
@string{STOC-88 = "Proceedings of the 20th ACM SIGACT Symposium on Theory of Computing (STOC-88)"}
@string{STOC-98 = "Proceedings of the 30th ACM SIGACT Symposium on Theory of Computing (STOC-98)"}

@string{STACS-91 = "Proceedings of the 8th Annual Symposium on Theoretical Aspects of Computer Science (STACS-91)"}
@string{STACS-92 = "Proceedings of the 9th Annual Symposium on Theoretical Aspects of Computer Science (STACS-92)"}
@string{STACS-93 = "Proceedings of the 10th Annual Symposium on Theoretical Aspects of Computer Science (STACS-93)"}
@string{STACS-94 = "Proceedings of the 11th Annual Symposium on Theoretical Aspects of Computer Science (STACS-94)"}
@string{STACS-95 = "Proceedings of the 12th Annual Symposium on Theoretical Aspects of Computer Science (STACS-95)"}
@string{STACS-96 = "Proceedings of the 13th Annual Symposium on Theoretical Aspects of Computer Science (STACS-96)"}
@string{STACS-97 = "Proceedings of the 14th Annual Symposium on Theoretical Aspects of Computer Science (STACS-97)"}
@string{STACS-98 = "Proceedings of the 15th Annual Symposium on Theoretical Aspects of Computer Science (STACS-98)"}
@string{STACS-99 = "Proceedings of the 16th Annual Symposium on Theoretical Aspects of Computer Science (STACS-99)"}
@string{STACS-00 = "Proceedings of the 17th Annual Symposium on Theoretical Aspects of Computer Science (STACS-00)"}
@string{STACS-01 = "Proceedings of the 18th Annual Symposium on Theoretical Aspects of Computer Science (STACS-01)"}
@string{STACS-02 = "Proceedings of the 19th Annual Symposium on Theoretical Aspects of Computer Science (STACS-02)"}
@string{STACS-03 = "Proceedings of the 20th Annual Symposium on Theoretical Aspects of Computer Science (STACS-03)"}
@string{STACS-04 = "Proceedings of the 21st Annual Symposium on Theoretical Aspects of Computer Science (STACS-04)"}
@string{STACS-05 = "Proceedings of the 22nd Annual Symposium on Theoretical Aspects of Computer Science (STACS-05)"}
@string{STACS-06 = "Proceedings of the 23rd Annual Symposium on Theoretical Aspects of Computer Science (STACS-06)"}
@string{STACS-07 = "Proceedings of the 24th Annual Symposium on Theoretical Aspects of Computer Science (STACS-07)"}
@string{STACS-08 = "Proceedings of the 25th Annual Symposium on Theoretical Aspects of Computer Science (STACS-08)"}
@string{STACS-09 = "Proceedings of the 26th International Symposium on Theoretical Aspects of Computer Science (STACS-09)"}
@string{STACS-10 = "Proceedings of the 27th International Symposium on Theoretical Aspects of Computer Science (STACS-10)"}
@string{STACS-11 = "Proceedings of the 28th International Symposium on Theoretical Aspects of Computer Science (STACS-11)"}
@string{STACS-12 = "Proceedings of the 29th International Symposium on Theoretical Aspects of Computer Science (STACS-12)"}

@string{AiML-96 = "Proceedings of the 1st International Workshop on Advances in Modal Logic (AiML-98)"}
@string{AiML-98 = "Proceedings of the 2nd International Workshop on Advances in Modal Logic (AiML-98)"}
@string{AiML-00 = "Proceedings of the 3rd International Workshop on Advances in Modal Logic (AiML-00)"}
@string{AiML-02 = "Proceedings of the 4th International Conference on Advances in Modal Logic (AiML-02)"}
@string{AiML-04 = "Proceedings of the 5th International Conference on Advances in Modal Logic (AiML-04)"}
@string{AiML-06 = "Proceedings of the 6th International Conference on Advances in Modal Logic (AiML-06)"}
@string{AiML-08 = "Proceedings of the 7th International Conference on Advances in Modal Logic (AiML-08)"}
@string{AiML-10 = "Proceedings of the 8th International Conference on Advances in Modal Logic (AiML-10)"}
@string{AiML-12 = "Proceedings of the 9th International Conference on Advances in Modal Logic (AiML-12)"}

@string{RTA-09 = "Proceedings of the 20th International Conference on Rewriting Techniques and Applications (RTA-09)"}


%%%%%    DATABASES

@string{PODS-82 = "Proceedings of the 1st ACM Symposium on Principles of Database Systems (PODS-82)"}
@string{PODS-83 = "Proceedings of the 2nd ACM SIGACT-SIGMOD Symposium on Principles of Database Systems (PODS-83)"}  
@string{PODS-84 = "Proceedings of the 3rd ACM SIGACT-SIGMOD Symposium on Principles of Database Systems (PODS-84)"}
@string{PODS-85 = "Proceedings of the 4th ACM SIGACT-SIGMOD Symposium on Principles of Database Systems (PODS-85)"} 
@string{PODS-86 = "Proceedings of the 5th ACM SIGACT-SIGMOD Symposium on Principles of Database Systems (PODS-86)"}
@string{PODS-87 = "Proceedings of the 6th ACM SIGACT-SIGMOD Symposium on Principles of Database Systems (PODS-87)"}
@string{PODS-88 = "Proceedings of the 7th ACM SIGACT-SIGMOD Symposium on Principles of Database Systems (PODS-88)"}
@string{PODS-89 = "Proceedings of the 8th ACM SIGACT-SIGMOD Symposium on Principles of Database Systems (PODS-89)"}
@string{PODS-90 = "Proceedings of the 9th ACM SIGACT-SIGMOD Symposium on Principles of Database Systems (PODS-90)"}
@string{PODS-91 = "Proceedings of the 10th ACM SIGACT-SIGMOD Symposium on Principles of Database Systems (PODS-91)"}
@string{PODS-92 = "Proceedings of the 11th ACM SIGACT-SIGMOD Symposium on Principles of Database Systems (PODS-92)"}
@string{PODS-93 = "Proceedings of the 12th ACM SIGACT-SIGMOD Symposium on Principles of Database Systems (PODS-93)"}
@string{PODS-94 = "Proceedings of the 13th ACM SIGACT-SIGMOD Symposium on Principles of Database Systems (PODS-94)"}
@string{PODS-95 = "Proceedings of the 14th ACM SIGACT-SIGMOD Symposium on Principles of Database Systems (PODS-95)"}
@string{PODS-96 = "Proceedings of the 15th ACM SIGACT-SIGMOD Symposium on Principles of Database Systems (PODS-96)"}
@string{PODS-97 = "Proceedings of the 16th ACM SIGACT-SIGMOD Symposium on Principles of Database Systems (PODS-97)"}
@string{PODS-98 = "Proceedings of the 17th ACM SIGACT-SIGMOD Symposium on Principles of Database Systems (PODS-98)"}
@string{PODS-99 = "Proceedings of the 18th ACM SIGACT-SIGMOD Symposium on Principles of Database Systems (PODS-99)"}
@string{PODS-00 = "Proceedings of the 19th ACM SIGACT-SIGMOD Symposium on Principles of Database Systems (PODS-00)"}

@string{ICDT-88 = "Proceedings of the International Conference on Database Theory (ICDT-88)"}
@string{ICDT-92 = "Proceedings of the International Conference on Database Theory (ICDT-92)"}
@string{ICDT-01 = "Proceedings of the International Conference on Database Theory (ICDT-01)"}

@string{DOOD-89 = "Proceedings of the 1st International Conference on Deductive and Object-Oriented Databases (DOOD-89)"}
@string{DOOD-91 = "Proceedings of the 2nd International Conference on Deductive and Object-Oriented Databases (DOOD-91)"}
@string{DOOD-97 = "Proceedings of the 5th International Conference on Deductive and Object-Oriented Databases (DOOD-97)"}

@string{VLDB-77 = "Proceedings of the 3rd International Conference on Very Large Data Bases (VLDB-77)"}
@string{VLDB-78 = "Proceedings of the 4th International Conference on Very Large Data Bases (VLDB-78)"}
@string{VLDB-79 = "Proceedings of the 5th International Conference on Very Large Data Bases (VLDB-79)"}
@string{VLDB-80 = "Proceedings of the 6th International Conference on Very Large Data Bases (VLDB-80)"}
@string{VLDB-81 = "Proceedings of the 7th International Conference on Very Large Data Bases (VLDB-81)"}
@string{VLDB-82 = "Proceedings of the 8th International Conference on Very Large Data Bases (VLDB-82)"}
@string{VLDB-83 = "Proceedings of the 9th International Conference on Very Large Data Bases (VLDB-83)"}
@string{VLDB-84 = "Proceedings of the 10th International Conference on Very Large Data Bases (VLDB-84)"}
@string{VLDB-85 = "Proceedings of the 11th International Conference on Very Large Data Bases (VLDB-85)"}
@string{VLDB-86 = "Proceedings of the 12th International Conference on Very Large Data Bases (VLDB-86)"}
@string{VLDB-87 = "Proceedings of the 13th International Conference on Very Large Data Bases (VLDB-87)"}
@string{VLDB-88 = "Proceedings of the 14th International Conference on Very Large Data Bases (VLDB-88)"}
@string{VLDB-89 = "Proceedings of the 15th International Conference on Very Large Data Bases (VLDB-89)"}
@string{VLDB-90 = "Proceedings of the 16th International Conference on Very Large Data Bases (VLDB-90)"}
@string{VLDB-91 = "Proceedings of the 17th International Conference on Very Large Data Bases (VLDB-91)"}
@string{VLDB-95 = "Proceedings of the 21st International Conference on Very Large Data Bases (VLDB-95)"}
@string{VLDB-96 = "Proceedings of the 22nd International Conference on Very Large Data Bases (VLDB-96)"}
@string{VLDB-97 = "Proceedings of the 23rd International Conference on Very Large Data Bases (VLDB-97)"}

@string{EDBT-96 = "Proceedings of the International Conference on Extending Database Technology (EDBT-96)"}
 
@string{DE-86 = "Proceedings of the 2nd IEEE International Conference on Data Engineering (ICDE-86)"}
@string{DE-87 = "Proceedings of the 3rd IEEE International Conference on Data Engineering (ICDE-87)"}
@string{DE-89 = "Proceedings of the 5th IEEE International Conference on Data Engineering (ICDE-89)"}
@string{DE-93 = "Proceedings of the 9th IEEE International Conference on Data Engineering (ICDE-93)"}
@string{DE-94 = "Proceedings of the 10th IEEE International Conference on Data Engineering (ICDE-94)"}

@string{SIGMOD = "Proceedings of the ACM SIGMOD International Conference on Management of Data"}
@string{SIGMOD-06 = "Proceedings of the 2006 ACM SIGMOD International Conference on Management of Data (SIGMOD-06)"}
@string{SIGMOD-07 = "Proceedings of the 2007 ACM SIGMOD International Conference on Management of Data (SIGMOD-07)"}
@string{SIGMOD-08 = "Proceedings of the 2008 ACM SIGMOD International Conference on Management of Data (SIGMOD-08)"}
@string{SIGMOD-09 = "Proceedings of the 2009 ACM SIGMOD International Conference on Management of Data (SIGMOD-09)"}
@string{SIGMOD-10 = "Proceedings of the 2010 ACM SIGMOD International Conference on Management of Data (SIGMOD-10)"}
@string{SIGMOD-11 = "Proceedings of the 2011 ACM SIGMOD International Conference on Management of Data (SIGMOD-11)"}
@string{SIGMOD-12 = "Proceedings of the 2012 ACM SIGMOD International Conference on Management of Data (SIGMOD-12)"}

@string{SSDBM-96 = "Proceedings of the 8th International Conference on Statistical Database Management Systems (SSDBM-96)"}

@string{ER-83 = "Proceedings of the International Conference on the Entity-Relationship Approach to Software Engineering"}
@string{ER-92 = "Proceedings of the 11th International Conference on the Entity-Relationship Approach (ER-92)"}

@string{SEBD-94 = "Proceedings of the 2nd Italian Conference on Database Systems (SEBD-94)"}

@string{ADTI-94 = "Proceedings of the International Symposium on Advanced Database Technologies and Their Integration (ADTI-94)"}

@string{DOOD-95 = "Proceedings of the 4th International Conference on Deductive and Object-Oriented Databases (DOOD-95)"}

@string{GOEDEL-96 = "Proceedings of the International Conference on Logical Foundations of Mathematics, Computer Science and Physics---Kurt {G\"odel's} Legacy (Goedel-96)"}

@string{DEXA-07 = "Proceedings of the 18th International Conference on Database and Expert Systems Applications (DEXA-07)"}
@string{DEXA-08 = "Proceedings of the 19th International Conference on Database and Expert Systems Applications (DEXA-08)"}
@string{DEXA-09 = "Proceedings of the 20th International Conference on Database and Expert Systems Applications (DEXA-09)"}
@string{DEXA-10 = "Proceedings of the 21st International Conference on Database and Expert Systems Applications (DEXA-10)"}
@string{DEXA-11 = "Proceedings of the 22nd International Conference on Database and Expert Systems Applications (DEXA-11)"}
@string{DEXA-12 = "Proceedings of the 23rd International Conference on Database and Expert Systems Applications (DEXA-12)"}

%%%%%    WEB

@string{WWW1-94 = "Proceedings of the 1st International World Wide Web Conference (WWW1-94)"}
@string{WWW2-94 = "Proceedings of the 2nd International World Wide Web Conference (WWW2-94)"}
@string{WWW3-95 = "Proceedings of the 3rd International World Wide Web Conference (WWW3-95)"}
@string{WWW4-95 = "Proceedings of the 4th International World Wide Web Conference (WWW4-95)"}
@string{WWW-96 = "Proceedings of the 5th International World Wide Web Conference (WWW-96)"}
@string{WWW-97 = "Proceedings of the 6th International World Wide Web Conference (WWW-97)"}
@string{WWW-98 = "Proceedings of the 7th International World Wide Web Conference (WWW-98)"}
@string{WWW-99 = "Proceedings of the 8th International World Wide Web Conference (WWW-99)"}
@string{WWW-00 = "Proceedings of the 9th International World Wide Web Conference (WWW-00)"}
@string{WWW-01 = "Proceedings of the 10th International World Wide Web Conference (WWW-01)"}
@string{WWW-02 = "Proceedings of the 11th International World Wide Web Conference (WWW-02)"}
@string{WWW-03 = "Proceedings of the 12th International World Wide Web Conference (WWW-03)"}
@string{WWW-04 = "Proceedings of the 13th International World Wide Web Conference (WWW-04)"}
@string{WWW-05 = "Proceedings of the 14th International World Wide Web Conference (WWW-05)"}
@string{WWW-06 = "Proceedings of the 15th International World Wide Web Conference (WWW-06)"}
@string{WWW-07 = "Proceedings of the 16th International World Wide Web Conference (WWW-07)"}
@string{WWW-08 = "Proceedings of the 17th International World Wide Web Conference (WWW-08)"}
@string{WWW-09 = "Proceedings of the 18th International World Wide Web Conference (WWW-09)"}
@string{WWW-10 = "Proceedings of the 19th International World Wide Web Conference (WWW-10)"}
@string{WWW-11 = "Proceedings of the 20th International World Wide Web Conference (WWW-11)"}
@string{WWW-12 = "Proceedings of the 20th International World Wide Web Conference (WWW-12)"}
@string{WWW-13 = "Proceedings of the 21st International World Wide Web Conference (WWW-13)"}

@string{ESWS-04 = "Proceedings of the 1st European Semantic Web Symposium (ESWS-04)"}
@string{ESWC-05 = "Proceedings of the 2nd European Semantic Web Conference (ESWC-05)"}
@string{ESWC-06 = "Proceedings of the 3rd European Semantic Web Conference (ESWC-06)"}
@string{ESWC-07 = "Proceedings of the 4th European Semantic Web Conference (ESWC-07)"}
@string{ESWC-08 = "Proceedings of the 5th European Semantic Web Conference (ESWC-08)"}
@string{ESWC-09 = "Proceedings of the 6th European Semantic Web Conference (ESWC-09)"}
@string{ESWC-10 = "Proceedings of the 7th Extended Semantic Web Conference (ESWC-10)"}
@string{ESWC-11 = "Proceedings of the 8th Extended Semantic Web Conference (ESWC-11)"}
@string{ESWC-12 = "Proceedings of the 9th Extended Semantic Web Conference (ESWC-12)"}
@string{ESWC-13 = "Proceedings of the 10th Extended Semantic Web Conference (ESWC-13)"}

@string{ISWC-02 = "Proceedings of the 1st International Semantic Web Conference (ISWC-02)"}
@string{ISWC-03 = "Proceedings of the 2nd International Semantic Web Conference (ISWC-03)"}
@string{ISWC-04 = "Proceedings of the 3rd International Semantic Web Conference (ISWC-04)"}
@string{ISWC-05 = "Proceedings of the 4th International Semantic Web Conference (ISWC-05)"}
@string{ISWC-06 = "Proceedings of the 5th International Semantic Web Conference (ISWC-06)"}
@string{ISWC-07 = "Proceedings of the 6th International Semantic Web Conference (ISWC/ASWC-07)"}
@string{ISWC-08 = "Proceedings of the 7th International Semantic Web Conference (ISWC-08)"}
@string{ISWC-09 = "Proceedings of the 8th International Semantic Web Conference (ISWC-09)"}
@string{ISWC-10 = "Proceedings of the 9th International Semantic Web Conference (ISWC-10)"}
@string{ISWC-11 = "Proceedings of the 10th International Semantic Web Conference (ISWC-11)"}
@string{ISWC-12 = "Proceedings of the 11th International Semantic Web Conference (ISWC-12)"}
@string{ISWC-13 = "Proceedings of the 12th International Semantic Web Conference (ISWC-13)"}

@string{ASWC-08 = "Proceedings of the 3rd Asian Semantic Web Conference (ASWC-08)"}

@string{SWAT4LS-08 = "Proceedings of the 1st International Workshop on Semantic Web Applications 
                      and Tools for Life Sciences (SWAT4LS-08)"}
@string{SWAT4LS-09 = "Proceedings of the 2nd International Workshop on Semantic Web Applications 
                      and Tools for Life Sciences (SWAT4LS-09)"}
@string{SWAT4LS-10 = "Proceedings of the 3rd International Workshop on Semantic Web Applications 
                      and Tools for Life Sciences (SWAT4LS-10)"}
@string{SWAT4LS-11 = "Proceedings of the 4th International Workshop on Semantic Web Applications 
                      and Tools for Life Sciences (SWAT4LS-11)"}
@string{SWAT4LS-12 = "Proceedings of the 5th International Workshop on Semantic Web Applications 
                      and Tools for Life Sciences (SWAT4LS-12)"}

@string{WI-01 = "Proceedings of the 1st IEEE/WIC/ACM International Conference on Web Intelligence (WI-01)"}
@string{WI-03 = "Proceedings of the 2nd IEEE/WIC/ACM International Conference on Web Intelligence (WI-03)"}
@string{WI-04 = "Proceedings of the 3rd IEEE/WIC/ACM International Conference on Web Intelligence (WI-04)"}
@string{WI-05 = "Proceedings of the 4th IEEE/WIC/ACM International Conference on Web Intelligence (WI-05)"}
@string{WI-06 = "Proceedings of the 5th IEEE/WIC/ACM International Conference on Web Intelligence (WI-06)"}
@string{WI-07 = "Proceedings of the 6th IEEE/WIC/ACM International Conference on Web Intelligence (WI-07)"}
@string{WI-08 = "Proceedings of the 7th IEEE/WIC/ACM International Conference on Web Intelligence (WI-08)"}
@string{WI-09 = "Proceedings of the 8th IEEE/WIC/ACM International Conference on Web Intelligence (WI-09)"}
@string{WI-10 = "Proceedings of the 9th IEEE/WIC/ACM International Conference on Web Intelligence (WI-10)"}
@string{WI-11 = "Proceedings of the 10th IEEE/WIC/ACM International Conference on Web Intelligence (WI-11)"}

@string{OWLED-05 = "Proceedings of the 1st International Workshop on OWL: Experiences and Directions (OWLED-05)"}
@string{OWLED-06 = "Proceedings of the 2nd International Workshop on OWL: Experiences and Directions (OWLED-06)"}
@string{OWLED-07 = "Proceedings of the 3rd International Workshop on OWL: Experiences and Directions (OWLED-07)"}
@string{OWLED-08DC = "Proceedings of the 4th International Workshop on OWL: Experiences and Directions (OWLED-08DC)"}
@string{OWLED-08EU = "Proceedings of the 5th International Workshop on OWL: Experiences and Directions (OWLED-08EU)"}
@string{OWLED-09 = "Proceedings of the 6th International Workshop on OWL: Experiences and Directions (OWLED-09)"}
@string{OWLED-10 = "Proceedings of the 7th International Workshop on OWL: Experiences and Directions (OWLED-10)"}
@string{OWLED-11 = "Proceedings of the 8th International Workshop on OWL: Experiences and Directions (OWLED-11)"}
@string{OWLED-12 = "Proceedings of the 9th International Workshop on OWL: Experiences and Directions (OWLED-12)"}

@string{ONTO-01 = "Proceedings of the Workshop on Ontologies (ONTO-01)"}

@string{OM-06 = "Proceedings of the 1st International Workshop on Ontology Matching (OM-06)"}
@string{OM-07 = "Proceedings of the 2nd International Workshop on Ontology Matching (OM-07)"}
@string{OM-08 = "Proceedings of the 3rd International Workshop on Ontology Matching (OM-08)"}
@string{OM-09 = "Proceedings of the 4th International Workshop on Ontology Matching (OM-09)"}
@string{OM-10 = "Proceedings of the 5th International Workshop on Ontology Matching (OM-10)"}
@string{OM-11 = "Proceedings of the 6th International Workshop on Ontology Matching (OM-11)"}

@string{EON-02 = "Proceedings of the 1st International Workshop on Evaluation of Ontology-Based Tools (EON-02)"}
@string{EON-03 = "Proceedings of the 2nd International Workshop on Evaluation of Ontology-Based Tools (EON-03)"}
@string{EON-04 = "Proceedings of the 3rd International Workshop on Evaluation of Ontology-Based Tools (EON-04)"}
@string{EON-06 = "Proceedings of the 4th International Workshop on Evaluation of Ontologies for the Web (EON-06)"}
@string{EON-07 = "Proceedings of the 5th International Workshop on Evaluation of Ontologies and Ontology-Based Tools (EON-07)"}
@string{EON-08 = "Proceedings of the 6th International Workshop on Evaluation of Ontology-Based Tools 
                  and the Semantic Web Service Challenge (EON-SWSC-08)"}
@string{EON-10 = "Proceedings of the 7th International Workshop on Evaluation of Ontology-Based Tools (EON-10)"}

@string{ICSC-07 = "Proceedings of the 1st IEEE International Conference on Semantic Computing (ICSC-07)"}
@string{ICSC-08 = "Proceedings of the 2nd IEEE International Conference on Semantic Computing (ICSC-08)"}
@string{ICSC-09 = "Proceedings of the 3rd IEEE International Conference on Semantic Computing (ICSC-09)"}
@string{ICSC-10 = "Proceedings of the 4th IEEE International Conference on Semantic Computing (ICSC-10)"}
@string{ICSC-11 = "Proceedings of the 5th IEEE International Conference on Semantic Computing (ICSC-11)"}

@string{APSCC-09 = "Proceedings of the 4th IEEE Asia-Pacific Services Computing Conference (APSCC-09)"}

@string{EVODYN-11 = "Proceedings of the Joint Workshop on Knowledge Evolution and Ontology Dynamics (EvoDyn-11)"}

@string{KSEM-06 = "Proceedings of the 1st International Conference on Knowledge Science, Engineering and Management (KSEM-06)"}
@string{KSEM-07 = "Proceedings of the 2nd International Conference on Knowledge Science, Engineering and Management (KSEM-07)"}
@string{KSEM-09 = "Proceedings of the 3rd International Conference on Knowledge Science, Engineering and Management (KSEM-09)"}
@string{KSEM-10 = "Proceedings of the 4th International Conference on Knowledge Science, Engineering and Management (KSEM-10)"}
@string{KSEM-11 = "Proceedings of the 5th International Conference on Knowledge Science, Engineering and Management (KSEM-11)"}

@string{MBS-08 = "Proceedings of the Workshop on Model-Based Systems (MBS-08)"}

@string{IWEST-10 = "Proceedings of the 1st International Workshop on Evaluation of Semantic Technologies (IWEST-10)"},


%%%%%    FORMAL CONCEPT ANALYSIS

@string{CLA-04 = "Proceedings of the International Workshop on Concept Lattices and Their Applications (CLA-04)"}
@string{CLA-05 = "Proceedings of the 3rd International Conference on Concept Lattices and Their Applications (CLA-05)"}
@string{CLA-06 = "Proceedings of the 4th International Conference on Concept Lattices and Their Applications (CLA-06)"}
@string{CLA-07 = "Proceedings of the 5th International Conference on Concept Lattices and Their Applications (CLA-07)"}
@string{CLA-08 = "Proceedings of the 6th International Conference on Concept Lattices and Their Applications (CLA-08)"}
@string{CLA-10 = "Proceedings of the 7th International Conference on Concept Lattices and Their Applications (CLA-10)"}
@string{CLA-11 = "Proceedings of the 8th International Conference on Concept Lattices and Their Applications (CLA-11)"}
@string{CLA-12 = "Proceedings of the 9th International Conference on Concept Lattices and Their Applications (CLA-12)"}


%%%%%    ONTOLOGIES AND BIOMEDICINE

@string{ICBO-09 = "Proceedings of the 1st International Conference on Biomedical Ontology (ICBO-09)"}
@string{ICBO-11 = "Proceedings of the 2nd International Conference on Biomedical Ontology (ICBO-11)"}
@string{ICBO-12 = "Proceedings of the 3rd International Conference on Biomedical Ontology (ICBO-12)"}

@string{CBMS-97 = "Proceedings of the 10th IEEE International Symposium on Computer-Based Medical Systems (CBMS-97)"}
@string{CBMS-98 = "Proceedings of the 11th IEEE International Symposium on Computer-Based Medical Systems (CBMS-98)"}
@string{CBMS-99 = "Proceedings of the 12th IEEE International Symposium on Computer-Based Medical Systems (CBMS-99)"}
@string{CBMS-00 = "Proceedings of the 13th IEEE International Symposium on Computer-Based Medical Systems (CBMS-00)"}
@string{CBMS-01 = "Proceedings of the 14th IEEE International Symposium on Computer-Based Medical Systems (CBMS-01)"}
@string{CBMS-02 = "Proceedings of the 15th IEEE International Symposium on Computer-Based Medical Systems (CBMS-02)"}
@string{CBMS-03 = "Proceedings of the 16th IEEE International Symposium on Computer-Based Medical Systems (CBMS-03)"}
@string{CBMS-04 = "Proceedings of the 17th IEEE International Symposium on Computer-Based Medical Systems (CBMS-04)"}
@string{CBMS-05 = "Proceedings of the 18th IEEE International Symposium on Computer-Based Medical Systems (CBMS-05)"}
@string{CBMS-06 = "Proceedings of the 19th IEEE International Symposium on Computer-Based Medical Systems (CBMS-06)"}
@string{CBMS-07 = "Proceedings of the 20th IEEE International Symposium on Computer-Based Medical Systems (CBMS-07)"}
@string{CBMS-08 = "Proceedings of the 21st IEEE International Symposium on Computer-Based Medical Systems (CBMS-08)"}
@string{CBMS-09 = "Proceedings of the 22nd IEEE International Symposium on Computer-Based Medical Systems (CBMS-09)"}
@string{CBMS-10 = "Proceedings of the 23rd IEEE International Symposium on Computer-Based Medical Systems (CBMS-10)"}
@string{CBMS-11 = "Proceedings of the 24th IEEE International Symposium on Computer-Based Medical Systems (CBMS-11)"}
@string{CBMS-12 = "Proceedings of the 25th IEEE International Symposium on Computer-Based Medical Systems (CBMS-12)"}

%%%%%    SYMBOLIC COMPUTATION

@string{DISCO-93 = "Proceedings of the International Symposium DISCO-93"}


%%%%%    SPECIAL SERIES

@string{LNCS  = "Lecture Notes in Computer Science"}
@string{LNAI  = "Lecture Notes in Artificial Intelligence"}
@string{FAIA  = "Frontiers in Artificial Intelligence and Applications"}
@string{LNPAM = "Lecture Notes in Pure and Applied Mathematics"}
@string{ENTCS = "Electronic Notes in Computer Science"}
@string{ADT0 = "Logic and Databases"} 
@string{ADT1 = "Advances in Database Theory"} 
@string{ADT2 = "Advances in Database Theory II"} 
@string{ACR3 = "Advances in Computing Research, Vol.\ 3"} 


%%%%%    JOURNALS    %%%%%

@string{AI = "Artificial Intelligence"}
@string{AAI = "Applied Artificial Intelligence"}
@string{AIC = "AI Communications---The European Journal for Artificial Intelligence"}
@string{AIJ = "Artificial Intelligence Journal"}
@string{AIM = "AI Magazine"}
@string{AIR = "Artificial Intelligence Review"}
@string{AMM = "American Mathematical Monthly"}
@string{AMAI = "Annals of Mathematics and Artificial Intelligence"}
@string{ApI = "Applied Intelligence"}
@string{CI = "Computational Intelligence"}
@string{CogSci   = "Cognitive Science"}
@string{CS = "ACM Computing Surveys"}
@string{COMPUTER = "IEEE Computer"}
@string{DKE = "Data and Knowledge Engineering"}
@string{DEB = "IEEE Data Engineering Bulletin"}
@string{ENTCS = "Electronic Notes in Theoretical Computer Science"}
@string{EXPERT = "IEEE Expert"}
@string{FUND-INF = "Fundamenta Informaticae"}
@string{IC = "Information and Computation"}
@string{IPL = "Information Processing Letters"}
@string{ICOMP = "Information and Computation"}
@string{IEIS = "IEEE Intelligent Systems"}
@string{IJHCS = "International Journal of Human-Computer Studies"}
@string{INFOR = "INFOR --- The Canadian Journal of Operational Research and Information Processing"}
@string{IS = "Information Systems"}
@string{JACM = "Journal of the ACM"}
@string{JAMIA = "Journal of the American Medical Informatics Association"}
@string{JAIR = "Journal of Artificial Intelligence Research"}
@string{JANCL = "Journal of Applied Non-Classical Logics"}
@string{JAR = "Journal of Automated Reasoning"}
@string{JCSS = "Journal of Computer and System Science"}
@string{JETAI = "Journal of Experimental and Theoretical Computer Science"}
@string{JICIS = "Journal of Intelligent and Cooperative Information Systems"}
@string{JIIS = "Journal of Intelligent Information Systems"}
@string{JLC = "Journal of Logic and Computation"}
@string{JLLI = "Journal of Logic, Language and Information"}
@string{JLP = "Journal of Logic Programming"}
@string{JPL = "Journal of Philosophical Logic"}
@string{JSC = "Journal of Symbolic Computation"}
@string{JSL = "Journal of Symbolic Logic"}
@string{JSWIS = "Journal on Semantic Web and Information Systems"}
@string{JWS = "Journal of Web Semantics"}
@string{KIS = "Knowledge and Information Systems"}
@string{MAMS = "Memoirs of the American Mathematical Society"}
@string{MIS = "Journal of Management Information Systems"}
@string{MM  = "Minds and Machines"}
@string{NGC = "New Generation Computing"}
@string{SIAM-JOC = "{SIAM} Journal of Computing"}
@string{SIGART = "{SIGART} Bulletin"}
@string{SL= "Studia Logica"}
@string{SOFTWARE = "{IEEE} Software"}
@string{SPE = "Software --- Practice and Experience"}
@string{SWJ = "Semantic Web Journal"}
@string{TCS = "Theoretical Computer Science"}
@string{TKDE = "{IEEE} Transactions on Knowledge and Data Engineering"}
@string{TODS = "{ACM} Transactions on Database Systems"}
@string{TOOIS = "{ACM} Transactions on Office Information Systems"}
@string{TOSE = "{IEEE} Transactions on Software Engineering"}
@string{TSI = "Technique et Science Informatiques"}


%%%%%    PUBLISHERS

@string{AAAIP = "{AAAI} Press/The {MIT} Press"}
@string{AP = "Academic Press"}
@string{ACMP = "{ACM} Press and Addison Wesley"}
@string{AW = "Addison Wesley Publ.\ Co., Reading, Massachussetts"}
@string{BC = "Benjamin and Cummings Publ.\ Co., Menlo Park, California"} 
@string{CEUR = "CEUR (\url{http://ceur-ws.org/})"}
@string{CUP = "Cambridge University Press"}
@string{CSP = "Computer Science Press, Potomac, Maryland"}
@string{CSLI = "CSLI Publication, Cambridge University Press"}
@string{ERI = "{ER} Institute, Saugus, California"}
@string{ESP = "Elsevier Science Publishers (North-Holland), Amsterdam"}
@string{IEEEP = "IEEE Computer Society Press"}
@string{JAI = "{JAI} Press"}
@string{JW = "John Wiley \& Sons"}
@string{MD = "Marcel Dekker"}
@string{MGH = "McGraw-Hill, New York"}
@string{MIT = "The {MIT} Press"}
@string{MK = "Morgan Kaufmann, Los Altos"}
@string{NH = "North-Holland Publ.\ Co., Amsterdam"}
@string{PH = "Prentice-Hall, Englewood Cliffs, New Jersey"}
@string{PLENUM = "Plenum Publ.\ Co., New York"}
@string{PP = "Pergamon Press"}
@string{SV = "Springer-Verlag"}
@string{OP = "Oxford University Press"}


%%%%%    INSTITUTIONS

@string{DFKI = "Deutsches Forschungszentrum f{\"u}r K{\"u}nstliche Intelligenz (DFKI)"}
@string{DIS = "Dipartimento di Informatica e Sistemistica, Universit{\`a} di Roma ``La Sapienza''"}
@string{FBIB = "{FB} Informatik, Technische Universit{\"a}t Berlin"}
@string{FBIK = "{FB} Informatik, Universit{\"a}t Kaiserslautern"}
@string{PT-RWTH = "Lehrstuhl f{\"u}r Proze{\ss}technik, {RWTH} Aachen "}


%%%%%    SPONSORS

@string{PFI=""}
@string{COMPULOG=""}
@string{PLAN=""}
@string{MURST-60=""}
@string{MURST-40=""}
@string{CRAI=""}
@string{ALCOM=""}
@string{CUD="Consorzio per l'Universita' a Distanza, Rende (CS)"}
@string{BMFT = {Deutsches Bundesministerium f\"ur Forschung und Technologie under grant ITW 8903 0}}
@STRING{BMFT2 = {German Ministry of Research and Technology grant ITW 92-01 (TACOS)}}
@string{DARPA = "DARPA contract NAG2-703"}
@string{IBUKI = "IBUKI"}


%%%%%    NEW ADDITIONS

@string{Exact-2005="International Symposium on Explanation-aware Computing (ExaCt 2005)"}

@string{OTM-06="Proceedings of the OTM 2006 Workshops (2)"}

@string{OTM-08="Proceedings of the OTM 2008 Confederated International Conferences, CoopIS, DOA, GADA, IS, and ODBASE 2008. Part II on On the Move to Meaningful Internet Systems"}

@string{SUM-09="Proceedings of the 3rd International Conference on Scalable Uncertainty Management (SUM-09)"}

@string{ITICSE-07="Proceedings of the 12th Conference on Innovation and Technology in Computer Science Education (ITiCSE-07)"}

@string{SSWS-06="Proceedings of the 2nd International Workshop on Scalable Semantic Web Knowledge Base Systems (SSWS 2006)"}

@string{PDK-91="Proceedings of the Workshop on Processing ..."}